@INPROCEEDINGS{paper-legal,  author={Guimarães, João P. F. and Fontes, Aluisio I. R. and da Silva, Felipe B. and de M. Martins, Allan and Borries, Ricardo von},  booktitle={2018 IEEE Southwest Symposium on Image Analysis and Interpretation (SSIAI)},   title={Complex Correntropy Induced Metric Applied to Compressive Sensing with Complex-Valued Data},   year={2018},  volume={},  number={},  pages={21-24},  doi={10.1109/SSIAI.2018.8470371}}