@book{carroll_2018,
	address = {São Paulo},
	edition = {1ª},
	title = {O método {Bullet} {Journal}},
	publisher = {Fontanar},
	author = {Carroll, Ryder},
	year = {2018}
}

@book{monico_posicionamento_2007,
	address = {São Paulo},
	title = {Posicionamento pelo {GNSS} descrição, fundamentos e aplicações},
	language = {Portuguese},
	publisher = {Editora UNESP},
	author = {Monico, João Francisco Galera},
	year = {2007},
}

@book{coelho_fotogrametria_2007,
	address = {Rio de Janeiro},
	title = {Fotogrametria digital},
	language = {Portuguese},
	publisher = {EDUERJ},
	author = {Coelho, Luiz and Brito, Jorge Nunes},
	year = {2007},
}

@article{silva_evolucao_2015,
	title = {Evolução da Fotogrametria no Brasil},
	volume = {3},
	url = {https://periodicos.utfpr.edu.br/rbgeo/article/view/5467},
	location = {Brasil},
	pages = {81--96},
	number = {2},
	journaltitle = {Revista Brasileira de Geomática},
	author = {Silva, Daniel Carneiro da},
	urldate = {2020-08-01},
	date = {2015},
	langid = {portuguese},
	file = {Da Silva - 2015 - Evolução da Fotogrametria no Brasil.pdf:/home/pedro/Zotero/storage/WEWL5RNB/Da Silva - 2015 - Evolução da Fotogrametria no Brasil.pdf:application/pdf}
}